@ARTICLE{8350302,  author={Wu, Chih-Wei and Dittmar, Christian and Southall, Carl and Vogl, Richard and Widmer, Gerhard and Hockman, Jason and MÃ¼ller, Meinard and Lerch, Alexander},  journal={IEEE/ACM Transactions on Audio, Speech, and Language Processing},   title={A Review of Automatic Drum Transcription},   year={2018},  volume={26},  number={9},  pages={1457-1483},  doi={10.1109/TASLP.2018.2830113}}