@article{article1,
	author = {Benetos, Emmanouil and Dixon, Simon and Giannoulis, Dimitrios and Kirchhoff, Holger and Klapuri, Anssi},
	year = {2013},
	month = {12},
	pages = {},
	title = {Automatic music transcription: Challenges and future directions},
	volume = {41},
	journal = {Journal of Intelligent Information Systems},
	doi = {10.1007/s10844-013-0258-3}
}
@unknown{article2,
	author = {Malatji, Moshekwa},
	year = {2020},
	month = {10},
	pages = {},
	title = {Automatic Music Transcription for Two Instruments based Variable Q-Transform and Deep Learning methods},
	doi = {10.13140/RG.2.2.28675.94249}
}
@ARTICLE{8350302,
	author={Wu, Chih-Wei and Dittmar, Christian and Southall, Carl and Vogl, Richard and Widmer, Gerhard and Hockman, Jason and MÃ¼ller, Meinard and Lerch, Alexander},
	journal={IEEE/ACM Transactions on Audio, Speech, and Language Processing},
	title={A Review of Automatic Drum Transcription},
	year={2018},
	volume={26},
	number={9},
	pages={1457-1483},
	doi={10.1109/TASLP.2018.2830113}
}
@inproceedings{foscarin:hal-01988990,
	TITLE = {{A Parse-based Framework for Coupled Rhythm Quantization and Score Structuring}},
	AUTHOR = {Foscarin, Francesco and Jacquemard, Florent and Rigaux, Philippe and Sakai, Masahiko},
	URL = {https://hal.inria.fr/hal-01988990},
	BOOKTITLE = {{MCM 2019 - Mathematics and Computation in Music}},
	ADDRESS = {Madrid, Spain},
	PUBLISHER = {{Springer}},
	SERIES = {Proceedings of the Seventh International Conference on Mathematics and Computation in Music (MCM 2019)},
	VOLUME = {Lecture Notes in Computer Science},
	YEAR = {2019},
	MONTH = Jun,
	DOI = {10.1007/978-3-030-21392-3\_20},
	PDF = {https://hal.inria.fr/hal-01988990v2/file/springer12.pdf},
	HAL_ID = {hal-01988990},
	HAL_VERSION = {v2},
}
@techreport{jacquemard:hal-01134096,
  TITLE = {{A Term Rewriting Based Structural Theory of Rhythm Notation}},
  AUTHOR = {Jacquemard, Florent and Donat-Bouillud, Pierre and Bresson, Jean},
  URL = {https://hal.inria.fr/hal-01134096},
  TYPE = {Research Report},
  INSTITUTION = {{ANR-13-JS02-0004-01 - EFFICACe}},
  YEAR = {2015},
  MONTH = Mar,
  KEYWORDS = {antescofo},
  PDF = {https://hal.inria.fr/hal-01134096v3/file/efficace-rr.pdf},
  HAL_ID = {hal-01134096},
  HAL_VERSION = {v3},
}
@inproceedings{jacquemard:hal-01403982,
	TITLE = {{Generating equivalent rhythmic notations based on rhythm tree languages}},
	AUTHOR = {Jacquemard, Florent and Ycart, Adrien and Sakai, Masahiko},
	URL = {https://hal.inria.fr/hal-01403982},
	BOOKTITLE = {{Third International Conference on Technologies for Music Notation and Representation (TENOR)}},
	ADDRESS = {Coro{\~n}a, Spain},
	ORGANIZATION = {{Helena Lopez Palma and Mike Solomon}},
	YEAR = {2017},
	MONTH = May,
	PDF = {https://hal.inria.fr/hal-01403982/file/equiv-rhythm.pdf},
	HAL_ID = {hal-01403982},
	HAL_VERSION = {v1},
}